
@online{noauthor_pip_nodate,
	title = {cmdoption-no-binary - pip install - pip documentation v23.2},
	url = {https://pip.pypa.io/en/stable/cli/pip_install/#cmdoption-no-binary},
	urldate = {2023-07-17},
	file = {pip install - pip documentation v23.2:C\:\\Users\\user\\Zotero\\storage\\2AJWP8TC\\pip_install.html:text/html},
}

@online{noauthor_installing_nodate,
	title = {Installing Packages — Python Packaging User Guide},
	url = {https://packaging.python.org/en/latest/tutorials/installing-packages/#installing-from-pypi},
	urldate = {2023-07-17},
	file = {Installing Packages — Python Packaging User Guide:C\:\\Users\\user\\Zotero\\storage\\S6VIN7F6\\installing-packages.html:text/html},
}

@online{noauthor_contributing_nodate,
	title = {Contributing — Matplotlib 3.7.2 documentation},
	url = {https://matplotlib.org/stable/devel/index.html#building-matplotlib},
	urldate = {2023-07-17},
	file = {Contributing — Matplotlib 3.7.2 documentation:C\:\\Users\\user\\Zotero\\storage\\6JESJMEV\\index.html:text/html},
}


@online{noauthor_installation_nodate,
	title = {Installation — Matplotlib 3.7.2 documentation},
	url = {https://matplotlib.org/stable/users/installing/index.html},
	urldate = {2023-07-17},
	file = {Installation — Matplotlib 3.7.2 documentation:C\:\\Users\\user\\Zotero\\storage\\RGNNZI76\\index.html:text/html},
}


@online{noauthor_soarsmubugsinpy_nodate,
	title = {soarsmu/bugsinpy - Docker Image {\textbar} Docker Hub},
	url = {https://hub.docker.com/r/soarsmu/bugsinpy},
	urldate = {2023-07-17},
	file = {soarsmu/bugsinpy - Docker Image | Docker Hub:C\:\\Users\\user\\Zotero\\storage\\5GJE6LFA\\bugsinpy.html:text/html},
}


@online{noauthor_docker_nodate,
	title = {Docker — Anaconda Documentation},
	url = {https://docs.anaconda.com/free/anaconda/applications/docker/},
	urldate = {2023-07-17},
	file = {Docker — Anaconda Documentation:C\:\\Users\\user\\Zotero\\storage\\BT9PGJDY\\docker.html:text/html},
}

@online{noauthor_pip_nodate_e,
	title = {cmdoption-e - pip install - pip documentation v23.2},
	url = {https://pip.pypa.io/en/stable/cli/pip_install/#cmdoption-e},
	urldate = {2023-07-17},
	file = {pip install - pip documentation v23.2:C\:\\Users\\user\\Zotero\\storage\\2AF4PQ9P\\pip_install.html:text/html},
}

@online{noauthor_fixes_nodate,
	title = {Fixes -e option requires 1 argument. by faustinoaq · Pull Request \#68 · soarsmu/{BugsInPy}},
	url = {https://github.com/soarsmu/BugsInPy/pull/68},
	abstract = {The current approach uses xargs -n 1, which splits lines with spaces into two, resulting in broken installations for projects such as black, cookiecutter, keras, luigi, pandas, sanic, and thefuck. ...},
	titleaddon = {{GitHub}},
	urldate = {2023-07-17},
	langid = {english},
	file = {Snapshot:C\:\\Users\\user\\Zotero\\storage\\F4T3HCRH\\68.html:text/html},
}
