
@online{faustinoaqbugsinpy-testall,
	title = {faustinoaq/bugsinpy-testall - Docker Image {\textbar} Docker Hub},
	url = {https://hub.docker.com/r/faustinoaq/bugsinpy-testall},
	urldate = {2023-07-17},
	file = {faustinoaq/bugsinpy-testall - Docker Image | Docker Hub:C\:\\Users\\user\\Zotero\\storage\\LQ8QRUGC\\bugsinpy-testall.html:text/html},
}
